@misc{WinNT,
  title = {Entity Component System \#1},
  author = {Rez Bot},
  howpublished = {\url{https://www.youtube.com/watch?v=5KugyHKsXLQ}},
  note = {Accessed: 2021-11-03}
}